@techreport{rapport-st40-gabriel,
    author = {Gabriel GARCIA},
    title = {Quelle base de données pour Techn’hom Time Machine ?},
    note = {d'Informatique},
    institution = {Belfort : UTBM},
    year = {2021},
    pages = {60 p.}
}

@online{fleche,
    author = {ZeroKelvinTutorials},
    title = {Procedurally generating arrows in Unity},
    url = {https://www.youtube.com/watch?v=8lXDLy24rJw},
    year = {2022}
}

@online{cidoc,
    author = {CIDOC-CRM},
    title = {Documentation de l'ontologie CIDOC-CRM},
    url = {https://cidoc-crm.org/html/cidoc_crm_v7.1.2.html},
    year = {2022}
}

@online{omeka,
    author = {Omeka-S},
    title = {Documentation d'Omeka-S},
    url = {https://omeka.org/s/docs/developer/},
    year = {2023}
}

@online{rdflib,
    author = {RDFLib},
    title = {Documentation RDFLib},
    url = {https://rdflib.readthedocs.io/en/stable/},
    year = {2022}
}

@online{opentheso,
    author = {Huma-Num},
    title = {Site Opentheso Huma-Num},
    url = {https://opentheso.huma-num.fr/opentheso/},
    year = {2023}
}